<record><leader>00000cas a22000007a 4500</leader><controlfield tag="001">32781414</controlfield><controlfield tag="008">950707d19641964cauwr ne      0    0eng d</controlfield><datafield ind1=" " ind2=" " tag="010"><subfield code="a">sn 95062618 </subfield></datafield><datafield ind1=" " ind2=" " tag="040"><subfield code="a">CUY</subfield><subfield code="b">eng</subfield><subfield code="c">CNK</subfield><subfield code="d">OCLCQ</subfield><subfield code="d">OCLCF</subfield></datafield><datafield ind1="1" ind2=" " tag="029"><subfield code="a">AU@</subfield><subfield code="b">000011782714</subfield></datafield><datafield ind1=" " ind2=" " tag="042"><subfield code="a">msc</subfield></datafield><datafield ind1=" " ind2=" " tag="043"><subfield code="a">n-us-ca</subfield><subfield code="a">n-us-nv</subfield></datafield><datafield ind1="0" ind2=" " tag="130"><subfield code="a">Carson chronicle (Al Tahoe, South Lake Tahoe, Calif.)</subfield></datafield><datafield ind1="1" ind2="0" tag="245"><subfield code="a">Carson chronicle.</subfield></datafield><datafield ind1=" " ind2=" " tag="260"><subfield code="a">[Al Tahoe, Calif. :</subfield><subfield code="b">s.n.]</subfield></datafield><datafield ind1=" " ind2=" " tag="300"><subfield code="a">v.</subfield></datafield><datafield ind1=" " ind2=" " tag="310"><subfield code="a">Weekly</subfield></datafield><datafield ind1="0" ind2=" " tag="362"><subfield code="a">-v. 40, no. 30 (Aug. 6, 1964).</subfield></datafield><datafield ind1=" " ind2=" " tag="588"><subfield code="a">Description based on: Mar. 19, 1964.</subfield></datafield><datafield ind1=" " ind2="0" tag="651"><subfield code="a">Tahoe, Lake, Region (Calif. and Nev.)</subfield><subfield code="v">Newspapers.</subfield></datafield><datafield ind1=" " ind2="7" tag="655"><subfield code="a">Newspapers.</subfield><subfield code="2">fast</subfield><subfield code="0">(OCoLC)fst01423814</subfield></datafield><datafield ind1=" " ind2="7" tag="651"><subfield code="a">United States</subfield><subfield code="z">Lake Tahoe Region.</subfield><subfield code="2">fast</subfield><subfield code="0">(OCoLC)fst01351024</subfield></datafield><datafield ind1=" " ind2=" " tag="752"><subfield code="a">United States</subfield><subfield code="b">California</subfield><subfield code="c">El Dorado</subfield><subfield code="d">South Lake Tahoe.</subfield></datafield><datafield ind1="0" ind2="1" tag="780"><subfield code="t">Tahoe-Carson chronicle</subfield><subfield code="w">(DLC)sn 95062593</subfield></datafield><datafield ind1="0" ind2="0" tag="785"><subfield code="t">Carson morning chronicle</subfield><subfield code="w">(DLC)sn 86076112</subfield></datafield></record>